@article{TasoulisPT09,
	title = "Projection Based Clustering of Gene Expression Data",
	booktitle = "Sixth International Meeting on Computational Intelligence Methods for Bioinformatics and Biostatistics (CIBB 2009)",
	year = "2009",
	address = "Genova, Italy",
	author = "S.K. Tasoulis and V.P. Plagianakos and D.K. Tasoulis"
}

@article{Reverter2010200,
	title = "Mining Gene Expression Profiles: An Integrated Implementation of Kernel Principal Component Analysis and Singular Value Decomposition",
	journal = "Genomics, Proteomics and Bioinformatics",
	volume = "8",
	number = "3",
	pages = "200 - 210",
	year = "2010",
	note = "",
	issn = "1672-0229",
	doi = "10.1016/S1672-0229(10)60022-8",
	url = "http://www.sciencedirect.com/science/article/pii/S1672022910600228",
	author = "Ferran Reverter and Esteban Vegas and Pedro SÃ¡nchez",
	keywords = "kernel method",
	keywords = "biplot",
	keywords = "gene expression profile",
	keywords = "dimension reduction"
}


